@article{rahm2001survey,
  title={A survey of approaches to automatic schema matching},
  author={Rahm, Erhard and Bernstein, Philip A},
  journal={the VLDB Journal},
  volume={10},
  number={4},
  pages={334--350},
  year={2001},
  publisher={Springer}
}

@inproceedings{madhavan2001generic,
  title={Generic schema matching with cupid},
  author={Madhavan, Jayant and Bernstein, Philip A and Rahm, Erhard},
  booktitle={vldb},
  volume={1},
  number={2001},
  pages={49--58},
  year={2001}
}

@inproceedings{madhavan2005corpus,
  title={Corpus-based schema matching},
  author={Madhavan, Jayant and Bernstein, Philip A and Doan, AnHai and Halevy, Alon},
  booktitle={21st International Conference on Data Engineering (ICDE'05)},
  pages={57--68},
  year={2005},
  organization={IEEE}
}

@inproceedings{zhang2011automatic,
  title={Automatic discovery of attributes in relational databases},
  author={Zhang, Meihui and Hadjieleftheriou, Marios and Ooi, Beng Chin and Procopiuc, Cecilia M and Srivastava, Divesh},
  booktitle={Proceedings of the 2011 ACM SIGMOD International Conference on Management of data},
  pages={109--120},
  year={2011},
  organization={ACM}
}

@article{cortez2015annotating,
  title={Annotating database schemas to help enterprise search},
  author={Cortez, Eli and Bernstein, Philip A and He, Yeye and Novik, Lev},
  journal={Proceedings of the VLDB Endowment},
  volume={8},
  number={12},
  pages={1936--1939},
  year={2015},
  publisher={VLDB Endowment}
}

@inproceedings{fernandez2018seeping,
  title={Seeping semantics: Linking datasets using word embeddings for data discovery},
  author={Fernandez, Raul Castro and Mansour, Essam and Qahtan, Abdulhakim A and Elmagarmid, Ahmed and Ilyas, Ihab and Madden, Samuel and Ouzzani, Mourad and Stonebraker, Michael and Tang, Nan},
  booktitle={2018 IEEE 34th International Conference on Data Engineering (ICDE)},
  pages={989--1000},
  year={2018},
  organization={IEEE}
}

@article{rahm2001matching,
  title={On matching schemas automatically},
  author={Rahm, Erhard and Bernstein, Philip A},
  journal={VLDB journal},
  volume={10},
  number={4},
  pages={334--350},
  year={2001}
}

@article{zhang2010multi,
  title={On multi-column foreign key discovery},
  author={Zhang, Meihui and Hadjieleftheriou, Marios and Ooi, Beng Chin and Procopiuc, Cecilia M and Srivastava, Divesh},
  journal={Proceedings of the VLDB Endowment},
  volume={3},
  number={1-2},
  pages={805--814},
  year={2010},
  publisher={VLDB Endowment}
}

@inproceedings{doan2001reconciling,
  title={Reconciling schemas of disparate data sources: A machine-learning approach},
  author={Doan, AnHai and Domingos, Pedro and Halevy, Alon Y},
  booktitle={ACM Sigmod Record},
  volume={30},
  number={2},
  pages={509--520},
  year={2001},
  organization={ACM}
}